<record xmlns="http://www.loc.gov/MARC21/slim" xmlns:xsi="http://www.w3.org/2001/XMLSchema-instance" xsi:schemaLocation="http://www.loc.gov/MARC21/slim http://www.loc.gov/standards/marcxml/schema/MARC21slim.xsd"><leader>00458cz   2200169n  4500</leader><controlfield tag="001">oca00078667 </controlfield><controlfield tag="005">20011117072323.0</controlfield><controlfield tag="008">800825n| acannaabn          |a aaa      </controlfield><datafield ind1=" " ind2=" " tag="010"><subfield code="a">n  50043501 </subfield></datafield><datafield ind1=" " ind2=" " tag="040"><subfield code="a">DLC</subfield><subfield code="b">eng</subfield><subfield code="c">DLC</subfield><subfield code="d">DLC</subfield><subfield code="d">NjP</subfield><subfield code="d">INS-SF</subfield><subfield code="d">OCoLC</subfield></datafield><datafield ind1=" " ind2="0" tag="053"><subfield code="a">PA4229.L7</subfield><subfield code="b">PA4229.L9</subfield></datafield><datafield ind1="0" ind2=" " tag="100"><subfield code="a">Longus</subfield></datafield><datafield ind1="0" ind2=" " tag="400"><subfield code="a">Longos</subfield></datafield><datafield ind1="0" ind2=" " tag="400"><subfield code="a">Long</subfield></datafield><datafield ind1="0" ind2=" " tag="400"><subfield code="a">Longo</subfield></datafield><datafield ind1=" " ind2=" " tag="670"><subfield code="a">His A winter pastoral, 1946.</subfield></datafield><datafield ind1=" " ind2=" " tag="670"><subfield code="a">Storie d'amore autiche, 1987:</subfield><subfield code="b">p. 409 (Longo sofista)</subfield></datafield></record>